@Article{Bertsimas:98,
    author      = {Dimitris Bertsimas, John Tsitsiklis},
    title       = {Simulated Annealing},
    year        = {1998},
    journal     = {Statistical Science},
    number      = {1},
    volume      = {8},
    pages       = {10-15}
}